% Insert BibTex here
% https://www.bibtex.com/e/entry-types/
